@techreport{Kosloff07,
    Author = {Kosloff, Todd Jerome and Barsky, Brian A.},
    Title = {An Algorithm for Rendering Generalized Depth of Field Effects Based on Simulated Heat Diffusion},
    Institution = {University of California, Berkeley},
    Year = {2007},
}

@misc{Krivanek03,
    author = {Jaroslav Krivanek and Jiri Zara and Kadi Bouatouch},
    title = {Fast Depth of Field Rendering with Surface Splatting},
   note = {Computer Graphics International},
    year = {2003}
}

@misc{Mittring11,
   title = {The Technology Behind the DirectX 11 Unreal Engine ”Samaritan” Demo},
   author = {Martin Mittring and Bryan Dudash},
   note = {GDC. Epics Games},
   year = {2011}
}

@misc{Futurmark11,
   title = {3DMark11 Whitepaper},
   author = {Furturemark},
   year = {2011}
}

@misc{Sousa11,
   title = {Crysis 2 DX11 Ultra Upgrade},
   author = {Tiago Sousa},
   note = {Crytek},
   year = {2011}
}

@misc{Capcom07,
   title = {Lost Planet 2 DX10 Engine},
   author = {Capcom},
   year = {2007}
}

@book{Hammon07,
   title = {Blur Practical Post-Process Depth of Field},
   author = {Earl Hammon, Jr.},
   publisher = {Addison Wesley},
   address = {City},
   note = {GPU Gems 3. Infinity Ward},
   year = {2007}
}

@misc{White11,
   title = {More Performance Five Rendering Ideas from Battlefield 3 and Need For Speed The Run},
   author = {John White and Colin Barre Brisebois},
   note = {Siggraph talk. Black Box and Dice},
   year = {2011}
}

@misc{Pettineo11,
   title = {How to Fake Bokeh},
   author = {Matt Pettineo},
   note = {Ready At Dawn Studios},
   year = {2011}
}

@book{Pharr10,
   author = {Pharr, Matt and Humphreys, Greg},
   title = {Physically Based Rendering, Second Edition: From Theory To Implementation},
   year = {2010},
   isbn = {0123750792, 9780123750792},
   edition = {2nd},
   publisher = {Morgan Kaufmann Publishers Inc.},
   address = {San Francisco, CA, USA}
}

@misc{IndirectDraw09,
   title = {ARB\_draw\_indirect},
   author = {Jeff Bolz and Pat Brown and Barthold Lichtenbelt and Bill Licea-Kane and Merry Bruce and Sellers Graham and Roth Greg and Haemel Nick and Boudier Pierre and Piers Daniell},
   note = {OpenGL extension},
   year = {2009}
}

@misc{ImageLoadStore11,
   title = {ARB\_shader\_image\_load\_store},
   author = {Jeff Bolz and Pat Brown and Barthold Lichtenbelt and Bill Licea-Kane and Eric Werness and Graham Sellers and Greg Roth and Nick Haemel and Pierre Boudier and Piers Daniell},
   note = {OpenGL extension},
   year = {2011}
}

@misc{AtomicCounters11,
   title = {ARB\_shader\_atomic\_counters},
   author = {Bill Licea-Kane and Barthold Lichtenbelt and Chris Dodd and Eric Werness and Graham Sellers and Greg Roth and Jeff Bolz and Nick Haemel and Pat Brown and Pierre Boudier and Piers Daniell},
   note = {OpenGL extension},
   year = {2011}
}

@inproceedings{Lee09,
   author = {Lee, Sungkil and Eisemann, Elmar and Seidel, Hans-Peter},
   title = {Depth-of-field rendering with multiview synthesis},
   series = {SIGGRAPH Asia '09},
   year = {2009},
   pages = {134:1--134:6},
   articleno = {134},
   numpages = {6}
} 
